
<marc:record><marc:leader>01321cam a2200289 a 4500</marc:leader>
<marc:controlfield tag="001">4890850</marc:controlfield>
<marc:controlfield tag="005">20100215154244.0</marc:controlfield><marc:controlfield tag="008">100208m18871888enk           000 0 eng d</marc:controlfield><marc:datafield tag="100" ind1="1" ind2=" "><marc:subfield code="a">Pepys, Samuel,</marc:subfield><marc:subfield code="d">1633-1703.</marc:subfield></marc:datafield><marc:datafield tag="240" ind1="1" ind2="0"><marc:subfield code="a">Diary of Samuel Pepys.</marc:subfield><marc:subfield code="k">Selections</marc:subfield></marc:datafield><marc:datafield tag="245" ind1="1" ind2="4"><marc:subfield code="a">The diary of Samuel Pepys.</marc:subfield></marc:datafield><marc:datafield tag="246" ind1="3" ind2="7"><marc:subfield code="a">Pepys' diary</marc:subfield></marc:datafield><marc:datafield tag="260" ind1=" " ind2=" "><marc:subfield code="a">London ;</marc:subfield><marc:subfield code="a">Paris ;</marc:subfield><marc:subfield code="a">New York ;</marc:subfield><marc:subfield code="a">Melbourne :</marc:subfield><marc:subfield code="b">Cassell &amp; Company, Limited,</marc:subfield><marc:subfield code="c">1887-1888.</marc:subfield></marc:datafield><marc:datafield tag="300" ind1=" " ind2=" "><marc:subfield code="a">6 v. ;</marc:subfield><marc:subfield code="c">15 cm.</marc:subfield></marc:datafield><marc:datafield tag="490" ind1="1" ind2=" "><marc:subfield code="a">Cassell's national library ;</marc:subfield><marc:subfield code="v">86, 94, 102, 111, 120, 126</marc:subfield></marc:datafield><marc:datafield tag="500" ind1=" " ind2=" "><marc:subfield code="a">Introduction by Henry Morley.</marc:subfield></marc:datafield><marc:datafield tag="500" ind1=" " ind2=" "><marc:subfield code="a">Issued in parts, in the series Cassell's national library.</marc:subfield></marc:datafield><marc:datafield tag="505" ind1="0" ind2=" "><marc:subfield code="a">January to October 1666 -- November 1666 to May 1667 -- June to October 1667 -- October 1667 to March 1668 -- March to November 1668 -- November 1668, to end of diary.</marc:subfield></marc:datafield><marc:datafield tag="600" ind1="1" ind2="0"><marc:subfield code="a">Pepys, Samuel,</marc:subfield><marc:subfield code="d">1633-1703.</marc:subfield></marc:datafield><marc:datafield tag="650" ind1=" " ind2="0"><marc:subfield code="a">Statesmen</marc:subfield><marc:subfield code="z">Great Britain</marc:subfield><marc:subfield code="v">Diaries.</marc:subfield></marc:datafield><marc:datafield tag="650" ind1=" " ind2="0"><marc:subfield code="a">Authors, English</marc:subfield><marc:subfield code="y">Early modern, 1500-1700</marc:subfield><marc:subfield code="v">Diaries.</marc:subfield></marc:datafield><marc:datafield tag="651" ind1=" " ind2="0"><marc:subfield code="a">Great Britain</marc:subfield><marc:subfield code="x">History</marc:subfield><marc:subfield code="y">Charles II, 1660-1685</marc:subfield><marc:subfield code="v">Sources.</marc:subfield></marc:datafield><marc:datafield tag="651" ind1=" " ind2="0"><marc:subfield code="a">Great Britain</marc:subfield><marc:subfield code="x">Social life and customs</marc:subfield><marc:subfield code="y">17th century</marc:subfield><marc:subfield code="v">Sources.</marc:subfield></marc:datafield><marc:datafield tag="700" ind1="1" ind2=" "><marc:subfield code="a">Morley, Henry,</marc:subfield><marc:subfield code="d">1822-1894.</marc:subfield></marc:datafield><marc:datafield tag="830" ind1=" " ind2="0"><marc:subfield code="a">Cassell's national library ;</marc:subfield><marc:subfield code="v">86, 94, 102, 111, 120, 126.</marc:subfield></marc:datafield><marc:datafield tag="948" ind1="1" ind2=" "><marc:subfield code="a">20100208</marc:subfield><marc:subfield code="b">rjg58</marc:subfield><marc:subfield code="c">ULTWR-h</marc:subfield><marc:subfield code="d">z</marc:subfield></marc:datafield><marc:datafield tag="948" ind1="2" ind2=" "><marc:subfield code="a">20100215</marc:subfield><marc:subfield code="b">rjg58</marc:subfield><marc:subfield code="c">ULTWR-h</marc:subfield><marc:subfield code="d">a</marc:subfield></marc:datafield></marc:record>
</marc:collection>
